
@mvbook{framit_zotero_2019,
	location = {Toulouse},
	edition = {2nde},
	title = {Zotero est arrivé},
	volume = {4},
	series = {Rose},
	abstract = {Zotero est arrivé et tout le monde était très très content.},
	volumes = {3680000},
	pagetotal = {456},
	number = {26},
	publisher = {Arnaud Pocheville éditions},
	author = {Framit, Marlène},
	date = {2019-01-28},
	file = {Framit - 2019 - Zotero est arrivé.pdf:/home/arnaud/.mozilla/firefox/afyzwf4b.default/zotero/storage/NIGPL7RI/Framit - 2019 - Zotero est arrivé.pdf:application/pdf}
}

@article{morgan_biological_2012,
	title = {The Biological Bases of Conformity},
	volume = {6},
	issn = {1662-4548},
	url = {http://journal.frontiersin.org/article/10.3389/fnins.2012.00087/abstract},
	doi = {10.3389/fnins.2012.00087},
	journaltitle = {Frontiers in Neuroscience},
	author = {Morgan, T. J. H. and Laland, K. N.},
	urldate = {2019-01-29},
	date = {2012},
	file = {Morgan et Laland - 2012 - The Biological Bases of Conformity.pdf:/home/arnaud/.mozilla/firefox/afyzwf4b.default/zotero/storage/2CP3NYT2/Morgan et Laland - 2012 - The Biological Bases of Conformity.pdf:application/pdf}
}

@article{van_de_waal_potent_2013,
	title = {Potent Social Learning and Conformity Shape a Wild Primate's Foraging Decisions},
	volume = {340},
	issn = {0036-8075, 1095-9203},
	url = {http://www.sciencemag.org/cgi/doi/10.1126/science.1232769},
	doi = {10.1126/science.1232769},
	pages = {483--485},
	number = {6131},
	journaltitle = {Science},
	author = {van de Waal, E. and Borgeaud, C. and Whiten, A.},
	urldate = {2019-01-29},
	date = {2013-04-26},
	langid = {english},
	file = {van de Waal et al. - 2013 - Potent Social Learning and Conformity Shape a Wild.pdf:/home/arnaud/.mozilla/firefox/afyzwf4b.default/zotero/storage/RLWY7US3/van de Waal et al. - 2013 - Potent Social Learning and Conformity Shape a Wild.pdf:application/pdf}
}

@article{bikhchandani_learning_1998,
	title = {Learning from the behavior of others: Conformity, fads, and informational cascades},
	volume = {12},
	shorttitle = {Learning from the behavior of others},
	pages = {151--170},
	number = {3},
	journaltitle = {Journal of economic perspectives},
	author = {Bikhchandani, Sushil and Hirshleifer, David and Welch, Ivo},
	date = {1998},
	file = {Bikhchandani et al. - 1998 - Learning from the behavior of others Conformity, .pdf:/home/arnaud/.mozilla/firefox/afyzwf4b.default/zotero/storage/AJKXT9VJ/Bikhchandani et al. - 1998 - Learning from the behavior of others Conformity, .pdf:application/pdf}
}

@article{whitehead_geneculture_2017,
	title = {Gene–culture coevolution in whales and dolphins},
	volume = {114},
	issn = {0027-8424, 1091-6490},
	url = {http://www.pnas.org/lookup/doi/10.1073/pnas.1620736114},
	doi = {10.1073/pnas.1620736114},
	pages = {7814--7821},
	number = {30},
	journaltitle = {Proceedings of the National Academy of Sciences},
	author = {Whitehead, Hal},
	urldate = {2019-01-29},
	date = {2017-07-25},
	langid = {english},
	file = {Whitehead - 2017 - Gene–culture coevolution in whales and dolphins.pdf:/home/arnaud/.mozilla/firefox/afyzwf4b.default/zotero/storage/RY62VXUW/Whitehead - 2017 - Gene–culture coevolution in whales and dolphins.pdf:application/pdf}
}

@article{aplin_experimentally_2015,
	title = {Experimentally induced innovations lead to persistent culture via conformity in wild birds},
	volume = {518},
	issn = {0028-0836, 1476-4687},
	url = {http://www.nature.com/articles/nature13998},
	doi = {10.1038/nature13998},
	pages = {538--541},
	number = {7540},
	journaltitle = {Nature},
	author = {Aplin, Lucy M. and Farine, Damien R. and Morand-Ferron, Julie and Cockburn, Andrew and Thornton, Alex and Sheldon, Ben C.},
	urldate = {2019-01-29},
	date = {2015-02},
	langid = {english},
	file = {Aplin et al. - 2015 - Experimentally induced innovations lead to persist.pdf:/home/arnaud/.mozilla/firefox/afyzwf4b.default/zotero/storage/LYBQJ5SW/Aplin et al. - 2015 - Experimentally induced innovations lead to persist.pdf:application/pdf}
}

@article{dagaeff_drosophila_2016,
	title = {Drosophila mate copying correlates with atmospheric pressure in a speed learning situation},
	volume = {121},
	issn = {00033472},
	url = {https://linkinghub.elsevier.com/retrieve/pii/S0003347216301981},
	doi = {10.1016/j.anbehav.2016.08.022},
	pages = {163--174},
	journaltitle = {Animal Behaviour},
	author = {Dagaeff, Anne-Cecile and Pocheville, Arnaud and Nöbel, Sabine and Loyau, Adeline and Isabel, Guillaume and Danchin, Etienne},
	urldate = {2019-01-29},
	date = {2016-11},
	langid = {english},
	file = {Dagaeff et al. - 2016 - Drosophila mate copying correlates with atmospheri.pdf:/home/arnaud/.mozilla/firefox/afyzwf4b.default/zotero/storage/CBUEZ6D9/Dagaeff et al. - 2016 - Drosophila mate copying correlates with atmospheri.pdf:application/pdf}
}

@article{danchin_cultural_2018,
	title = {Cultural flies: Conformist social learning in fruitflies predicts long-lasting mate-choice traditions},
	volume = {362},
	shorttitle = {Cultural flies},
	pages = {1025--1030},
	number = {6418},
	journaltitle = {Science},
	author = {Danchin, Etienne and Nöbel, Sabine and Pocheville, Arnaud and Dagaeff, Anne-Cecile and Demay, Léa and Alphand, Mathilde and Ranty-Roby, Sarah and van Renssen, Lara and Monier, Magdalena and Gazagne, Eva},
	date = {2018},
	file = {Danchin et al. - 2018 - Cultural flies Conformist social learning in frui.pdf:/home/arnaud/.mozilla/firefox/afyzwf4b.default/zotero/storage/HNM8LIX4/Danchin et al. - 2018 - Cultural flies Conformist social learning in frui.pdf:application/pdf}
}

@article{aplin_counting_2015,
	title = {Counting conformity: evaluating the units of information in frequency-dependent social learning},
	volume = {110},
	issn = {00033472},
	url = {https://linkinghub.elsevier.com/retrieve/pii/S0003347215003462},
	doi = {10.1016/j.anbehav.2015.09.015},
	shorttitle = {Counting conformity},
	pages = {e5--e8},
	journaltitle = {Animal Behaviour},
	author = {Aplin, Lucy M. and Farine, Damien R. and Morand-Ferron, Julie and Cockburn, Andrew and Thornton, Alex and Sheldon, Ben C.},
	urldate = {2019-01-29},
	date = {2015-12},
	langid = {english},
	file = {Aplin et al. - 2015 - Counting conformity evaluating the units of infor.pdf:/home/arnaud/.mozilla/firefox/afyzwf4b.default/zotero/storage/QN5DE98T/Aplin et al. - 2015 - Counting conformity evaluating the units of infor.pdf:application/pdf}
}

@article{whiten_conformity_2005,
	title = {Conformity to cultural norms of tool use in chimpanzees},
	volume = {437},
	issn = {0028-0836, 1476-4687},
	url = {http://www.nature.com/articles/nature04047},
	doi = {10.1038/nature04047},
	pages = {737--740},
	number = {7059},
	journaltitle = {Nature},
	author = {Whiten, Andrew and Horner, Victoria and de Waal, Frans B. M.},
	urldate = {2019-01-29},
	date = {2005-09},
	langid = {english},
	file = {Whiten et al. - 2005 - Conformity to cultural norms of tool use in chimpa.pdf:/home/arnaud/.mozilla/firefox/afyzwf4b.default/zotero/storage/5M8J7ZRW/Whiten et al. - 2005 - Conformity to cultural norms of tool use in chimpa.pdf:application/pdf}
}

@article{van_leeuwen_conformity_2013,
	title = {Conformity in nonhuman primates: fad or fact?},
	volume = {34},
	issn = {10905138},
	url = {https://linkinghub.elsevier.com/retrieve/pii/S1090513812000712},
	doi = {10.1016/j.evolhumbehav.2012.07.005},
	shorttitle = {Conformity in nonhuman primates},
	pages = {1--7},
	number = {1},
	journaltitle = {Evolution and Human Behavior},
	author = {van Leeuwen, Edwin J.C. and Haun, Daniel B.M.},
	urldate = {2019-01-29},
	date = {2013-01},
	langid = {english},
	file = {van Leeuwen et Haun - 2013 - Conformity in nonhuman primates fad or fact.pdf:/home/arnaud/.mozilla/firefox/afyzwf4b.default/zotero/storage/92ZY3QBD/van Leeuwen et Haun - 2013 - Conformity in nonhuman primates fad or fact.pdf:application/pdf}
}

@article{szolnoki_conformity_2014,
	title = {Conformity enhances network reciprocity in evolutionary social dilemmas},
	volume = {12},
	issn = {1742-5689, 1742-5662},
	url = {http://rsif.royalsocietypublishing.org/cgi/doi/10.1098/rsif.2014.1299},
	doi = {10.1098/rsif.2014.1299},
	pages = {20141299--20141299},
	number = {103},
	journaltitle = {Journal of The Royal Society Interface},
	author = {Szolnoki, A. and Perc, M.},
	urldate = {2019-01-29},
	date = {2014-12-24},
	langid = {english},
	file = {Szolnoki et Perc - 2014 - Conformity enhances network reciprocity in evoluti.pdf:/home/arnaud/.mozilla/firefox/afyzwf4b.default/zotero/storage/ECE3AHZW/Szolnoki et Perc - 2014 - Conformity enhances network reciprocity in evoluti.pdf:application/pdf}
}

@article{acerbi_conformity_2016,
	title = {Conformity cannot be identified based on population-level signatures},
	volume = {6},
	issn = {2045-2322},
	url = {http://www.nature.com/articles/srep36068},
	doi = {10.1038/srep36068},
	number = {1},
	journaltitle = {Scientific Reports},
	author = {Acerbi, Alberto and van Leeuwen, Edwin J. C. and Haun, Daniel B. M. and Tennie, Claudio},
	urldate = {2019-01-29},
	date = {2016-12},
	langid = {english},
	file = {Acerbi et al. - 2016 - Conformity cannot be identified based on populatio.pdf:/home/arnaud/.mozilla/firefox/afyzwf4b.default/zotero/storage/4QARBA4F/Acerbi et al. - 2016 - Conformity cannot be identified based on populatio.pdf:application/pdf}
}

@article{van_leeuwen_conformity_2015,
	title = {Conformity and its look-a-likes},
	volume = {110},
	issn = {00033472},
	url = {https://linkinghub.elsevier.com/retrieve/pii/S0003347215002808},
	doi = {10.1016/j.anbehav.2015.07.030},
	pages = {e1--e4},
	journaltitle = {Animal Behaviour},
	author = {van Leeuwen, Edwin J.C. and Kendal, Rachel L. and Tennie, Claudio and Haun, Daniel B.M.},
	urldate = {2019-01-29},
	date = {2015-12},
	langid = {english},
	file = {van Leeuwen et al. - 2015 - Conformity and its look-a-likes.pdf:/home/arnaud/.mozilla/firefox/afyzwf4b.default/zotero/storage/UNCQC2YX/van Leeuwen et al. - 2015 - Conformity and its look-a-likes.pdf:application/pdf}
}

@article{pike_conformist_2010,
	title = {Conformist learning in nine-spined sticklebacks' foraging decisions},
	volume = {6},
	issn = {1744-9561, 1744-957X},
	url = {http://www.royalsocietypublishing.org/doi/10.1098/rsbl.2009.1014},
	doi = {10.1098/rsbl.2009.1014},
	pages = {466--468},
	number = {4},
	journaltitle = {Biology Letters},
	author = {Pike, Thomas W. and Laland, Kevin N.},
	urldate = {2019-01-29},
	date = {2010-08-23},
	langid = {english},
	file = {Pike et Laland - 2010 - Conformist learning in nine-spined sticklebacks' f.pdf:/home/arnaud/.mozilla/firefox/afyzwf4b.default/zotero/storage/W4NSRCJF/Pike et Laland - 2010 - Conformist learning in nine-spined sticklebacks' f.pdf:application/pdf}
}

@article{kandler_tradeoffs_2013,
	title = {Tradeoffs between the strength of conformity and number of conformists in variable environments},
	volume = {332},
	issn = {00225193},
	url = {https://linkinghub.elsevier.com/retrieve/pii/S0022519313001914},
	doi = {10.1016/j.jtbi.2013.04.023},
	pages = {191--202},
	journaltitle = {Journal of Theoretical Biology},
	author = {Kandler, Anne and Laland, Kevin N.},
	urldate = {2019-01-29},
	date = {2013-09},
	langid = {english},
	file = {Kandler et Laland - 2013 - Tradeoffs between the strength of conformity and n.pdf:/home/arnaud/.mozilla/firefox/afyzwf4b.default/zotero/storage/88LUD2VY/Kandler et Laland - 2013 - Tradeoffs between the strength of conformity and n.pdf:application/pdf}
}

@article{kendal_role_2004,
	title = {The role of conformity in foraging when personal and social information conflict},
	volume = {15},
	issn = {1465-7279},
	url = {https://academic.oup.com/beheco/article-lookup/doi/10.1093/beheco/arh008},
	doi = {10.1093/beheco/arh008},
	pages = {269--277},
	number = {2},
	journaltitle = {Behavioral Ecology},
	author = {Kendal, R. L.},
	urldate = {2019-01-29},
	date = {2004-03-01},
	langid = {english},
	file = {Kendal - 2004 - The role of conformity in foraging when personal a.pdf:/home/arnaud/.mozilla/firefox/afyzwf4b.default/zotero/storage/JRCQ9U2R/Kendal - 2004 - The role of conformity in foraging when personal a.pdf:application/pdf}
}

@article{battesti_spread_2012,
	title = {Spread of Social Information and Dynamics of Social Transmission within Drosophila Groups},
	volume = {22},
	issn = {09609822},
	url = {https://linkinghub.elsevier.com/retrieve/pii/S0960982211014631},
	doi = {10.1016/j.cub.2011.12.050},
	pages = {309--313},
	number = {4},
	journaltitle = {Current Biology},
	author = {Battesti, Marine and Moreno, Celine and Joly, Dominique and Mery, Frederic},
	urldate = {2019-01-29},
	date = {2012-02},
	langid = {english},
	file = {Battesti et al. - 2012 - Spread of Social Information and Dynamics of Socia.pdf:/home/arnaud/.mozilla/firefox/afyzwf4b.default/zotero/storage/NTCBH5EQ/Battesti et al. - 2012 - Spread of Social Information and Dynamics of Socia.pdf:application/pdf}
}

@article{zouros_sexual_1980,
	title = {Sexual isolation among populations of Drosophila mojavensis: response to pressure from a related species},
	volume = {34},
	shorttitle = {Sexual isolation among populations of Drosophila mojavensis},
	pages = {421--430},
	number = {3},
	journaltitle = {Evolution},
	author = {Zouros, E. and d'Entremont, C. J.},
	date = {1980},
	file = {Zouros et d'Entremont - 1980 - Sexual isolation among populations of Drosophila m.pdf:/home/arnaud/.mozilla/firefox/afyzwf4b.default/zotero/storage/I68CY7ZU/Zouros et d'Entremont - 1980 - Sexual isolation among populations of Drosophila m.pdf:application/pdf}
}

@article{danchin_inclusive_2010,
	title = {Inclusive heritability: combining genetic and non-genetic information to study animal behavior and culture},
	volume = {119},
	issn = {00301299, 16000706},
	url = {http://doi.wiley.com/10.1111/j.1600-0706.2009.17640.x},
	doi = {10.1111/j.1600-0706.2009.17640.x},
	shorttitle = {Inclusive heritability},
	pages = {210--218},
	number = {2},
	journaltitle = {Oikos},
	author = {Danchin, Étienne and Wagner, Richard H.},
	urldate = {2019-01-29},
	date = {2010-02},
	langid = {english},
	file = {Danchin et Wagner - 2010 - Inclusive heritability combining genetic and non-.pdf:/home/arnaud/.mozilla/firefox/afyzwf4b.default/zotero/storage/FJ574JCC/Danchin et Wagner - 2010 - Inclusive heritability combining genetic and non-.pdf:application/pdf}
}

@article{dindo_-group_2009,
	title = {In-Group Conformity Sustains Different Foraging Traditions in Capuchin Monkeys (Cebus apella)},
	volume = {4},
	issn = {1932-6203},
	url = {https://dx.plos.org/10.1371/journal.pone.0007858},
	doi = {10.1371/journal.pone.0007858},
	pages = {e7858},
	number = {11},
	journaltitle = {{PLoS} {ONE}},
	author = {Dindo, Marietta and Whiten, Andrew and de Waal, Frans B. M.},
	editor = {Ferrari, Pier Francesco},
	urldate = {2019-01-29},
	date = {2009-11-18},
	langid = {english},
	file = {Dindo et al. - 2009 - In-Group Conformity Sustains Different Foraging Tr.pdf:/home/arnaud/.mozilla/firefox/afyzwf4b.default/zotero/storage/6X4WUKLP/Dindo et al. - 2009 - In-Group Conformity Sustains Different Foraging Tr.pdf:application/pdf}
}

@article{whiten_identifying_2016,
	title = {Identifying and dissecting conformity in animals in the wild: further analysis of primate data},
	volume = {122},
	issn = {00033472},
	url = {https://linkinghub.elsevier.com/retrieve/pii/S0003347216300124},
	doi = {10.1016/j.anbehav.2016.04.002},
	shorttitle = {Identifying and dissecting conformity in animals in the wild},
	pages = {e1--e4},
	journaltitle = {Animal Behaviour},
	author = {Whiten, Andrew and van de Waal, Erica},
	urldate = {2019-01-29},
	date = {2016-12},
	langid = {english},
	file = {Whiten et van de Waal - 2016 - Identifying and dissecting conformity in animals i.pdf:/home/arnaud/.mozilla/firefox/afyzwf4b.default/zotero/storage/C9MQXN8H/Whiten et van de Waal - 2016 - Identifying and dissecting conformity in animals i.pdf:application/pdf}
}

@article{aplin_conformity_2017,
	title = {Conformity does not perpetuate suboptimal traditions in a wild population of songbirds},
	volume = {114},
	issn = {0027-8424, 1091-6490},
	url = {http://www.pnas.org/lookup/doi/10.1073/pnas.1621067114},
	doi = {10.1073/pnas.1621067114},
	pages = {7830--7837},
	number = {30},
	journaltitle = {Proceedings of the National Academy of Sciences},
	author = {Aplin, Lucy M. and Sheldon, Ben C. and {McElreath}, Richard},
	urldate = {2019-01-29},
	date = {2017-07-25},
	langid = {english},
	file = {Aplin et al. - 2017 - Conformity does not perpetuate suboptimal traditio.pdf:/home/arnaud/.mozilla/firefox/afyzwf4b.default/zotero/storage/RYRB68ET/Aplin et al. - 2017 - Conformity does not perpetuate suboptimal traditio.pdf:application/pdf}
}

@article{efferson_conformists_2008,
	title = {Conformists and mavericks: the empirics of frequency-dependent cultural transmission☆},
	volume = {29},
	issn = {10905138},
	url = {https://linkinghub.elsevier.com/retrieve/pii/S1090513807000876},
	doi = {10.1016/j.evolhumbehav.2007.08.003},
	shorttitle = {Conformists and mavericks},
	pages = {56--64},
	number = {1},
	journaltitle = {Evolution and Human Behavior},
	author = {Efferson, C and Lalive, R and Richerson, P and Mcelreath, R and Lubell, M},
	urldate = {2019-01-29},
	date = {2008-01},
	langid = {english},
	file = {Efferson et al. - 2008 - Conformists and mavericks the empirics of frequen.pdf:/home/arnaud/.mozilla/firefox/afyzwf4b.default/zotero/storage/WFYZ48H6/Efferson et al. - 2008 - Conformists and mavericks the empirics of frequen.pdf:application/pdf}
}

@article{van_leeuwen_reappreciation_2016,
	title = {A reappreciation of ‘conformity’},
	volume = {122},
	issn = {00033472},
	url = {https://linkinghub.elsevier.com/retrieve/pii/S0003347216302251},
	doi = {10.1016/j.anbehav.2016.09.010},
	pages = {e5--e10},
	journaltitle = {Animal Behaviour},
	author = {van Leeuwen, Edwin J.C. and Acerbi, Alberto and Kendal, Rachel L. and Tennie, Claudio and Haun, Daniel B.M.},
	urldate = {2019-01-29},
	date = {2016-12},
	langid = {english},
	file = {van Leeuwen et al. - 2016 - A reappreciation of ‘conformity’.pdf:/home/arnaud/.mozilla/firefox/afyzwf4b.default/zotero/storage/VC8T394R/van Leeuwen et al. - 2016 - A reappreciation of ‘conformity’.pdf:application/pdf}
}

@article{markow_reproductive_2008,
	title = {Reproductive ecology of Drosophila},
	volume = {22},
	pages = {747--759},
	number = {5},
	journaltitle = {Functional Ecology},
	author = {Markow, T. A. and O’grady, P.},
	date = {2008},
	file = {Full Text:/home/arnaud/.mozilla/firefox/afyzwf4b.default/zotero/storage/DLUWKCTN/Markow and O’grady - 2008 - Reproductive ecology of Drosophila.pdf:application/pdf}
}